1940 3413
357 206 474 270 170
662 202 1584 250 REG1AEV1AECRVCIS

348 297 450 341 tur
476 303 488 341 :
534 296 726 366 atque
747 270 897 344 hinc
924 272 1007 338 est
1030 271 1208 361 quod
1230 272 1627 338 desolationis
1668 295 1829 340 tema-

345 391 661 456 pore,non
683 368 820 432 raro
842 369 946 430 illa
969 363 1330 454 displiceant
1348 417 1366 444 ,
1398 388 1538 452 qua:
1572 363 1842 436 durante

341 460 776 524 consolatione
804 459 906 523 vel
934 456 1208 520 maxime
1231 457 1574 544 placebant.
1593 461 1650 522 V
1657 459 1835 524 icissi-
1931 418 1940 518 l

116 601 128 614 .
343 549 634 615 tudinem
686 551 850 615 hanc
903 569 1195 638 expertus
1239 546 1323 610 est
1354 548 1582 636 Regius
1611 553 1831 632 Vate33
1936 552 1940 560 '

56 661 320 723 Ps21.29‚7.
344 641 555 730 quide
592 641 1004 732 prosperitatis
1043 638 1202 702 statu
1238 645 1323 702 ita
1350 649 1545 702 canit:
1588 651 1639 704 E
1682 666 1834 707 oazc-

344 750 462 797 tem
483 731 616 799 dz'xz‘
637 737 705 798 in
734 728 1103 796 abundantii?
1126 729 1251 793 med
1269 756 1287 790 .·
1311 739 1455 793 Non
1473 666 1738 799 mentior
1765 740 1834 800 in
1922 766 1940 784 -·

343 843 635 890 aternum.
710 824 835 890 Sed
853 822 1008 911 quid
1034 831 1097 887 in
1127 819 1495 888 aduersitate
1527 838 1545 886 ?
1590 838 1831 892 ‹Auer-
1927 820 1940 887 fi

343 917 469 1008 tisti
493 970 513 998 ,
542 924 750 1007 inquit
777 968 796 996 ,
820 914 1053 1006 faciem
1089 933 1251 981 tuam
1292 915 1326 977 ἰι
1361 936 1490 992 me,
1532 915 1606 990 ὠ
1631 916 1837 1008 Ῐαέῖιω

326 1010 467 1099 sitm
496 1006 895 1076 conturbatm.

433 1101 748 1169 Eanidem
775 1123 1033 1190 quoque
1062 1101 1544 1169 alternationem
1567 1109 1632 1167 in
1657 1101 1835 1168 Stau-

340 1195 590 1285 rophila
606 1193 894 1283 deinceps
914 1191 1480 1259 considerabimus.
1533 1191 1833 1262 Vidimus

342 1309 484 1350 earn
525 1293 672 1376 iugo
703 1287 977 1351 Domini
1025 1286 1273 1349 Collum
1322 1284 1834 1366 submittentem,

344 1376 618 1443 vidimus
666 1378 724 1443 C
752 1401 799 1442 R
826 1399 868 1443 v
892 1399 929 1442 c
954 1400 988 1440 E
1019 1397 1074 1439 M
1110 1378 1389 1441 alacriter
1443 1377 1787 1469 gestantem
1812 1429 1833 1458 ,

346 1476 414 1532 δε
446 1471 657 1536 Ιεεῑίῑὶξῑ
698 1465 1169 1560 propemodum
1204 1467 1623 1559 gestientem:
1663 1493 1837 1535 nunc

346 1564 564 1627 exorta
602 1560 968 1652 tempestate
1006 1564 1336 1649 querulam
1360 1612 1379 1640 ,
1427 1582 1787 1652 gementem
1815 1615 1837 1642 ,

345 1659 414 1716 &
460 1654 715 1719 tantum
755 1677 890 1718 non
931 1652 1042 1717 sub
1076 1675 1275 1716 onere
1305 1652 1699 1718 fatiscentem
1738 1661 1835 1719 in-

345 1745 686 1810 tuebimur.
739 1744 1035 1809 Hilariter
1076 1744 1135 1808 C
1159 1767 1199 1807 R
1221 1760 1264 1811 V
1283 1767 1320 1809 c
1340 1767 1374 1809 E
1399 1768 1456 1810 M
1486 1768 1836 1836 exceperat,

346 1834 453 1901 sed
479 1839 612 1925 quo
637 1835 871 1902 diutius
905 1859 1045 1900 eam
1067 1835 1309 1901 ferebat
1329 1888 1349 1916 ,
1378 1838 1456 1902 eo
1479 1846 1670 1929 magis
1700 1862 1836 1929 pre-

347 1927 641 1994 mebatur
667 1957 679 1993 ι
712 1936 777 1992 δεῖ
802 1926 1003 1993 modo
1050 1952 1234 2016 aequo
1263 1930 1621 2019 longiorem
1648 1981 1668 2007 ,
1696 1953 1837 1995 mo-

346 2016 435 2085 do
483 2029 668 2086 nimis
703 2020 1078 2109 querebatur
1125 2044 1417 2110 grauem.
1474 2019 1583 2086 Ad
1611 2020 1836 2089 callida

347 2110 610 2202 proinde
677 2119 1065 2178 conuertitur
1131 2112 1390 2177 confilia
1433 2164 1451 2193 ,
1506 2121 1572 2178 &t
1633 2111 1837 2180 abeffe

348 2203 675 2269 Christum
716 2225 882 2282 rata,
907 2202 1272 2268 inferiorem
1309 2203 1367 2268 C
1389 2228 1434 2268 R
1453 2228 1549 2271 vc
1580 2231 1601 2270 1
1629 2230 1654 2272 s
1699 2230 1835 2296 par-
1880 2237 1891 2245 ⁸

344 2316 474 2360 tem
514 2297 692 2375 serra,
721 2295 926 2361 nescio
954 2294 1124 2362 vnde
1153 2298 1407 2388 accepta
1427 2348 1446 2377 ,
1474 2295 1835 2365 abscindere

345 2396 568 2477 coepit.

414 2482 588 2545 Huic
612 2482 762 2546 voro
785 2479 942 2545 dum
966 2478 1110 2546 esset
1138 2488 1378 2545 intenta
1406 2490 1600 2572 operi,
1633 2482 1835 2574 super-

343 2580 602 2637 ueniens
629 2572 935 2651 Christus,
964 2598 1104 2637 cam
1135 2571 1461 2663 redarguit.
1505 2573 1697 2666 Qid
1725 2575 1834 2655 est,

341 2669 629 2752 inquiens
652 2715 670 2742 ,
717 2662 897 2754 quod
919 2663 1104 2730 video
1130 2679 1148 2730 ἓ
1182 2666 1260 2729 Et
1288 2666 1419 2730 haec
1455 2666 1514 2731 C
1544 2689 1589 2731 R
1611 2691 1654 2732 v
1677 2690 1713 2732 C
1743 2690 1766 2731 1
1805 2689 1832 2734 s

341 2758 732 2821 contumelia
762 2756 850 2821 est
872 2808 890 2835 ,
923 2757 1011 2820 illi
1037 2758 1137 2822 vel
1168 2755 1498 2823 modicum
1533 2761 1693 2824 velle
1722 2756 1833 2823 de-

341 2869 512 2915 mere
532 2897 546 2912 .
602 2849 892 2917 Hoccine
916 2845 1333 2917 desideratum
1356 2851 1521 2942 prius
1550 2859 1615 2916 δε
1640 2849 1829 2915 suaue

1605 2949 1826 3032 iugum
